%YAML 1.1
%TAG !u! tag:unity3d.com,2011:
--- !u!1 &114336
GameObject:
  m_ObjectHideFlags: 0
  m_PrefabParentObject: {fileID: 0}
  m_PrefabInternal: {fileID: 100100000}
  serializedVersion: 5
  m_Component:
  - component: {fileID: 452508}
  - component: {fileID: 11494214}
  - component: {fileID: 11486648}
  m_Layer: 0
  m_Name: Go Terrain
  m_TagString: Untagged
  m_Icon: {fileID: 0}
  m_NavMeshLayer: 0
  m_StaticEditorFlags: 0
  m_IsActive: 1
--- !u!4 &452508
Transform:
  m_ObjectHideFlags: 1
  m_PrefabParentObject: {fileID: 0}
  m_PrefabInternal: {fileID: 100100000}
  m_GameObject: {fileID: 114336}
  m_LocalRotation: {x: 0, y: 0, z: 0, w: 1}
  m_LocalPosition: {x: 0, y: 0, z: 0}
  m_LocalScale: {x: 1, y: 1, z: 1}
  m_Children: []
  m_Father: {fileID: 0}
  m_RootOrder: 0
  m_LocalEulerAnglesHint: {x: 0, y: 0, z: 0}
--- !u!114 &11486648
MonoBehaviour:
  m_ObjectHideFlags: 1
  m_PrefabParentObject: {fileID: 0}
  m_PrefabInternal: {fileID: 100100000}
  m_GameObject: {fileID: 114336}
  m_Enabled: 1
  m_EditorHideFlags: 0
  m_Script: {fileID: 11500000, guid: 9ef02522783c84e3d955c07b107e50fe, type: 3}
  m_Name: 
  m_EditorClassIdentifier: 
--- !u!114 &11494214
MonoBehaviour:
  m_ObjectHideFlags: 1
  m_PrefabParentObject: {fileID: 0}
  m_PrefabInternal: {fileID: 100100000}
  m_GameObject: {fileID: 114336}
  m_Enabled: 0
  m_EditorHideFlags: 0
  m_Script: {fileID: 11500000, guid: 1a3ac89fcce154598b1020ea6eed1bab, type: 3}
  m_Name: 
  m_EditorClassIdentifier: 
  goMap: {fileID: 0}
  locationManager: {fileID: 0}
  tileBuffer: 1
  zoomLevel: 15
  useCache: 0
  mapzen_api_key: 
  mapbox_accessToken: 
  goTerrainOptions:
    elevationAPI: 0
    flattenTerrain: 0
    addDebugMarkers: 0
    altitudeMultiplier: 1
    resolution: 50
    generationMode: 1
    loadEnvironment: 0
    useNormals: 1
    gradientOptions:
      gradient:
        key0:
          serializedVersion: 2
          rgba: 4281491821
        key1:
          serializedVersion: 2
          rgba: 4284837769
        key2:
          serializedVersion: 2
          rgba: 10208226
        key3:
          serializedVersion: 2
          rgba: 5151219
        key4:
          serializedVersion: 2
          rgba: 3626189
        key5:
          serializedVersion: 2
          rgba: 3028589
        key6:
          serializedVersion: 2
          rgba: 16119285
        key7:
          serializedVersion: 2
          rgba: 16777215
        ctime0: 1928
        ctime1: 4819
        ctime2: 17733
        ctime3: 30647
        ctime4: 45875
        ctime5: 64379
        ctime6: 62360
        ctime7: 65535
        atime0: 0
        atime1: 65535
        atime2: 0
        atime3: 0
        atime4: 0
        atime5: 0
        atime6: 0
        atime7: 0
        m_Mode: 0
        m_NumColorKeys: 6
        m_NumAlphaKeys: 2
      useLowPoly: 1
      startAltitude: 0
      endAltitude: 4000
      posterizationLevels: 100
    imageryOptions:
      imageService: 0
      imageMode: 1
    vectorOptions:
      earthMaterial: {fileID: 2100000, guid: 8465b2d49148e416285fb03956a721e9, type: 2}
      seaMaterial: {fileID: 2100000, guid: d00b2d4d2d39c44989317e3c923725f7, type: 2}
      cloudPrefabs:
      - {fileID: 174522, guid: d9b934a0396c94af7a8ee0dbd76c33a4, type: 2}
      - {fileID: 164282, guid: e7e520a987a0c455ab6f4c12795b3d83, type: 2}
      - {fileID: 198502, guid: 1a814962944654f688d90662ea291214, type: 2}
      waterOptions:
      - kind: 0
        dontShow: 0
        material: {fileID: 2100000, guid: 66b0403254c6347b5bc11689be42c946, type: 2}
      landuseOptions:
      - kind: 0
        dontShow: 0
        material: {fileID: 2100000, guid: a5875e8991aaf4dea899e068605d5b06, type: 2}
        prefabs:
        - {fileID: 186134, guid: 827181721be6348b29532b7afaee2ce7, type: 2}
        - {fileID: 186134, guid: 827181721be6348b29532b7afaee2ce7, type: 2}
        - {fileID: 120508, guid: 0b808597ea7474d64ad8a7136a1798e1, type: 2}
        density: 10
      - kind: 73
        dontShow: 0
        material: {fileID: 0}
        prefabs: []
        density: 0
      - kind: 11
        dontShow: 0
        material: {fileID: 2100000, guid: 9a323dec23eec44768bdb2fa5779ba4a, type: 2}
        prefabs: []
        density: 0
      - kind: 57
        dontShow: 0
        material: {fileID: 2100000, guid: 7f5e610b5c1024640995ebfff848728a, type: 2}
        prefabs:
        - {fileID: 170394, guid: e2b54e2db5701438eaaf0dcb56e7e285, type: 2}
        - {fileID: 170394, guid: e2b54e2db5701438eaaf0dcb56e7e285, type: 2}
        - {fileID: 105006, guid: 4226487217fcb41e7b290b08a4326a28, type: 2}
        - {fileID: 126614, guid: c76dec7b5c2644cd99958120f152622a, type: 2}
        - {fileID: 158984, guid: 6e98e87070ac340d5a06fbc0307848e5, type: 2}
        - {fileID: 176158, guid: 57316188459fb4b5fa572b79f4ac1f04, type: 2}
        - {fileID: 190022, guid: ab43057d33844469a938035b6fd95fe7, type: 2}
        - {fileID: 158984, guid: 6e98e87070ac340d5a06fbc0307848e5, type: 2}
        - {fileID: 169938, guid: 00aca7bc249674f4d9e16d4a98a266de, type: 2}
        - {fileID: 174406, guid: ea925c070781f419b954095b6fdfb69d, type: 2}
        density: 8
      - kind: 33
        dontShow: 0
        material: {fileID: 2100000, guid: a5875e8991aaf4dea899e068605d5b06, type: 2}
        prefabs:
        - {fileID: 105006, guid: 4226487217fcb41e7b290b08a4326a28, type: 2}
        - {fileID: 126614, guid: c76dec7b5c2644cd99958120f152622a, type: 2}
        - {fileID: 158984, guid: 6e98e87070ac340d5a06fbc0307848e5, type: 2}
        density: 30
      - kind: 42
        dontShow: 0
        material: {fileID: 2100000, guid: ecdfe706b244a48318d1fa1cdb3ff275, type: 2}
        prefabs:
        - {fileID: 114980, guid: f1409213e48224d889d00ba4b16cf89c, type: 2}
        - {fileID: 114980, guid: f1409213e48224d889d00ba4b16cf89c, type: 2}
        - {fileID: 190108, guid: b27c56a2473e1471884d9d3411749e82, type: 2}
        - {fileID: 117912, guid: 964264cd424c7468bb60ba17a3c86a57, type: 2}
        - {fileID: 117912, guid: 964264cd424c7468bb60ba17a3c86a57, type: 2}
        - {fileID: 114980, guid: f1409213e48224d889d00ba4b16cf89c, type: 2}
        - {fileID: 114980, guid: f1409213e48224d889d00ba4b16cf89c, type: 2}
        density: 20
      - kind: 17
        dontShow: 0
        material: {fileID: 2100000, guid: ecdfe706b244a48318d1fa1cdb3ff275, type: 2}
        prefabs:
        - {fileID: 114980, guid: f1409213e48224d889d00ba4b16cf89c, type: 2}
        - {fileID: 114980, guid: f1409213e48224d889d00ba4b16cf89c, type: 2}
        - {fileID: 190108, guid: b27c56a2473e1471884d9d3411749e82, type: 2}
        - {fileID: 117912, guid: 964264cd424c7468bb60ba17a3c86a57, type: 2}
        - {fileID: 117912, guid: 964264cd424c7468bb60ba17a3c86a57, type: 2}
        - {fileID: 114980, guid: f1409213e48224d889d00ba4b16cf89c, type: 2}
        - {fileID: 114980, guid: f1409213e48224d889d00ba4b16cf89c, type: 2}
        density: 20
      - kind: 13
        dontShow: 0
        material: {fileID: 0}
        prefabs:
        - {fileID: 185436, guid: 5197a592c68464bb1a7fe5393bba2ecf, type: 2}
        density: 1
      - kind: 39
        dontShow: 0
        material: {fileID: 2100000, guid: 3f633eb82ed094b808897ec2d4f009b8, type: 2}
        prefabs:
        - {fileID: 136408, guid: ff99b90231388490f954e8286d775b01, type: 2}
        - {fileID: 166974, guid: 8ae05e014c13c4c63a86fb5eb0747cf4, type: 2}
        - {fileID: 110858, guid: 13bdd36a643bf4429af210f20a2d1778, type: 2}
        - {fileID: 199394, guid: 214a421cc3fe944869a94f9d56fc8117, type: 2}
        density: 30
    baseMaterials:
      gradientMaterial: {fileID: 0}
      lowPolyMaterial: {fileID: 2100000, guid: a8f5c9852ea974307abcec73d8241abc, type: 2}
      terrainImagegeryMaterial: {fileID: 0}
  didLoadTile:
    m_PersistentCalls:
      m_Calls:
      - m_Target: {fileID: 0}
        m_MethodName: 
        m_Mode: 1
        m_Arguments:
          m_ObjectArgument: {fileID: 0}
          m_ObjectArgumentAssemblyTypeName: 
          m_IntArgument: 0
          m_FloatArgument: 0
          m_StringArgument: 
          m_BoolArgument: 0
        m_CallState: 2
    m_TypeName: GoTerrain.GOTerrainTileEvent, Assembly-CSharp, Version=0.0.0.0, Culture=neutral,
      PublicKeyToken=null
--- !u!1001 &100100000
Prefab:
  m_ObjectHideFlags: 1
  serializedVersion: 2
  m_Modification:
    m_TransformParent: {fileID: 0}
    m_Modifications: []
    m_RemovedComponents: []
  m_ParentPrefab: {fileID: 0}
  m_RootGameObject: {fileID: 114336}
  m_IsPrefabParent: 1
